
@inproceedings{Zhang:1992:ANN:503720.503776,
 author = {Zhang, Hong and Guan, Jian and Sun, Gwong C.},
 title = {Artificial neural network-based image pattern recognition},
 booktitle = {Proceedings of the 30th annual Southeast regional conference},
 series = {ACM-SE 30},
 year = {1992},
 isbn = {0-89791-506-2},
 location = {Raleigh, North Carolina},
 pages = {437--441},
 numpages = {5},
 url = {http://doi.acm.org/10.1145/503720.503776},
 doi = {http://doi.acm.org/10.1145/503720.503776},
 acmid = {503776},
 publisher = {ACM},
 address = {New York, NY, USA},
 keywords = {back propagation, neural network, pattern recognition, standardized invariant moments},
}

@inproceedings{Price:2008:SNN:1496984.1497017,
 author = {Price, Robert G. and Goodwin, Scott D.},
 title = {Synthesizing neural networks for learning in games},
 booktitle = {Proceedings of the 2008 Conference on Future Play: Research, Play, Share},
 series = {Future Play '08},
 year = {2008},
 isbn = {978-1-60558-218-4},
 location = {Toronto, Ontario, Canada},
 pages = {189--191},
 numpages = {3},
 url = {http://doi.acm.org/10.1145/1496984.1497017},
 doi = {http://doi.acm.org/10.1145/1496984.1497017},
 acmid = {1497017},
 publisher = {ACM},
 address = {New York, NY, USA},
 keywords = {games, learning, neural networks, rtNEAT},
}

@article{Zhao:2003:FRL:954339.954342,
 author = {Zhao, W. and Chellappa, R. and Phillips, P. J. and Rosenfeld, A.},
 title = {Face recognition: A literature survey},
 journal = {ACM Comput. Surv.},
 volume = {35},
 issue = {4},
 month = {December},
 year = {2003},
 issn = {0360-0300},
 pages = {399--458},
 numpages = {60},
 url = {http://doi.acm.org/10.1145/954339.954342},
 doi = {http://doi.acm.org/10.1145/954339.954342},
 acmid = {954342},
 publisher = {ACM},
 address = {New York, NY, USA},
 keywords = {Face recognition, person identification},
} 

@inproceedings{Lee:2002:EAF:646864.708276,
 author = {Lee, Bae-Ho and Kim, Kwang-Hee and Won, Yonggwan and Nam, Jiseung},
 title = {Efficient and Automatic Faces Detection Based on Skin-Tone and Neural Network Model},
 booktitle = {Proceedings of the 15th international conference on Industrial and engineering applications of artificial intelligence and expert systems: developments in applied artificial intelligence},
 series = {IEA/AIE '02},
 year = {2002},
 isbn = {3-540-43781-9},
 pages = {57--66},
 numpages = {10},
 url = {http://dl.acm.org/citation.cfm?id=646864.708276},
 acmid = {708276},
 publisher = {Springer-Verlag},
 address = {London, UK, UK},
} 

@inproceedings{deCastro:2008:RIM:1363686.1364088,
 author = {de Castro, Ana Paula Abrantes and da Silva, Jos{\'e} Demisio Sim\~{o}es},
 title = {Restoring images with a multiscale neural network based technique},
 booktitle = {Proceedings of the 2008 ACM symposium on Applied computing},
 series = {SAC '08},
 year = {2008},
 isbn = {978-1-59593-753-7},
 location = {Fortaleza, Ceara, Brazil},
 pages = {1693--1697},
 numpages = {5},
 url = {http://doi.acm.org/10.1145/1363686.1364088},
 doi = {http://doi.acm.org/10.1145/1363686.1364088},
 acmid = {1364088},
 publisher = {ACM},
 address = {New York, NY, USA},
 keywords = {artificial neural network, image restoration, multiscale},
} 

@misc{faq,
title = {Neural Net FAQ},
publisher = {Usenet},
year = {2002},
URL = {ftp://ftp.sas.com/pub/neural/FAQ.html},
note = {This is an electronic document. Date retrieved: January 29, 2012. Date last modified: May 17, 2002},
url = {ftp://ftp.sas.com/pub/neural/FAQ.html}
}

@article{DBLP:journals/corr/cs-NE-0308031,
  author    = {Carlos Gershenson},
  title     = {Artificial Neural Networks for Beginners},
  journal   = {CoRR},
  volume    = {cs.NE/0308031},
  year      = {2003},
  ee        = {http://arxiv.org/abs/cs.NE/0308031},
  bibsource = {DBLP, http://dblp.uni-trier.de}
}

@book{Minsky.1988,
  added-at = {2007-12-25T11:08:40.000+0100},
  address = {Cambridge Mass.},
  author = {Minsky, Marvin Lee and Papert, Seymour},
  biburl = {http://www.bibsonomy.org/bibtex/2f0cfd1ee604a166fd135845d9ee26683/stromgeist},
  description = {import},
  edition = {Expanded ed.},
  interhash = {0b11b92f20460c63dce9d09ac4095431},
  intrahash = {f0cfd1ee604a166fd135845d9ee26683},
  isbn = {0262631113},
  keywords = {A.I. Informationstheorie Maschine Mathematik Neuronales-Netz Perceptron},
  price = {32.00 EURO},
  publisher = {MIT Press},
  timestamp = {2007-12-25T11:08:40.000+0100},
  title = {Perceptrons:  An Introduction to Computational Geometry},
  year = 1988
}

 @misc{ wiki:MLP,
   author = "Wikipedia",
   title = "Multilayer perceptron --- Wikipedia{,} The Free Encyclopedia",
   year = "2012",
   url = "http://en.wikipedia.org/w/index.php?title=Multilayer_perceptron&oldid=473472805",
   note = "[Online; accessed 29-January-2012]"
 }
 
 @book{bertsekas1995nonlinear,
  title={Nonlinear programming},
  author={Bertsekas, D.P.},
  isbn={9781886529144},
  lccn={95081359},
  series={Optimization and neural computation series},
  url={http://books.google.ie/books?id=QeweAQAAIAAJ},
  year={1995},
  publisher={Athena Scientific}
}

@incollection {springerlink,
   author = {Shenouda, Emad},
   affiliation = {Department of Computer Science, University of Toronto, Toronto, ON, Canada},
   title = {A Quantitative Comparison of Different MLP Activation Functions in Classification},
   booktitle = {Advances in Neural Networks - ISNN 2006},
   series = {Lecture Notes in Computer Science},
   editor = {Wang, Jun and Yi, Zhang and Zurada, Jacek and Lu, Bao-Liang and Yin, Hujun},
   publisher = {Springer Berlin / Heidelberg},
   isbn = {978-3-540-34439-1},
   keyword = {Computer Science},
   pages = {849-857},
   volume = {3971},
   year = {2006}
}

@ARTICLE{ atalay:the,
AUTHOR = "Volkan Atalay and Erol Gelenbe and Nese Yalabik",
TITLE = "The Random Neural Network Model for Texture Generation.",
JOURNAL = "IJPRAI"
PAGES = {131-141},
YEAR = {1992}  }

@MISC{Hwang_texturedimage,
    author = {Jenq-Neng Hwang and Eric Tsung-yen Chen},
    title = {Textured Image Synthesis and Segmentation via Neural Network Probabilistic Modeling},
    year = {}
}